@article{automating-judicial-doc,
	Author = {L. Karl Branting},
	Title = {Automating Judicial Document Analysis},
	Year = {2017},
	Address = {London, United Kingdom},
	Url = {http://ceur-ws.org/Vol-2143/paper2.pdf}
}


@unpublished{digitalizacao-de-proc-judiciais,
	Author = {Neide Alves Dias De Sordi},
	Title = {Digitalização de processos judiciais em tramitação e a curadoria digital},
	Year = {2013},
	Address = {Distrito Federal, Brasil},
	Url = {https://innovagestao.com.br/2013/03/digitalizacao-de-processos-judiciais-em-tramitacao-e-a-curadoria-digital/}
}


@article{pje-diminuicao-tempo-do=proc,
	Author = {Roberto Rodrigues de Sousa},
	Title = {O impacto da implantação do Processo Judicial Eletrônico nas Unidades Judiciais Cíveis e de Família do Distrito Federal e o reflexo no ritmo da tramitação processual},
	Year = {2018},
	Address = {Distrito Federal, Brasil},
	Url = {https://www.tjdft.jus.br/institucional/imprensa/artigos-discursos-e-entrevistas/artigos/2018/o-impacto-da-implantacao-do-processo-judicial-eletronico-nas-unidades-judiciais-civeis-e-de-familia-do-distrito-federal-e-o-reflexo-no-ritmo-da-tramitacao-processual-roberto-rodrigues-de-sousa}
}

@article{dl-brief-review,
	Author = {Athanasios Voulodimos and Nikolaos Doulamis and Anastasios Doulamis and Eftychios Protopapadakis},
	Title = {Deep Learning for Computer Vision: A Brief Review},
	Year = {2018},
	Pages = {13},
	Url = {http://downloads.hindawi.com/journals/cin/2018/7068349.pdf}
}

@manual{inmetro2003,
	Author = {INMETRO},
	Title = {Vocabulário internacional de termos fundamentais e gerais de
	metrologia},
	Year = {2013},
	Address = {Rio de Janeiro, Brasil},
	Pages = {75},
	isbn = {85-87090-90-9},
}

@misc{deep-learning-book,
	Title = {Deep Learning Book},
	Author = {Deep Learning Academy},
	Year = {2019},
	Url = {http://www.deeplearningbook.com.br/},
	Note = {Acessado em: 10 Abril de 2019}
}

@book{python-ml,
	Title = {Python Machine Learning},
	Author = {Sebastian Raschka},
	Year = {2016},
	Address = {Birmingham, Mumbai},
	Pages = {455}
}

@article{learning-types,
	Title = {SuperVize Me: What’s the Difference Between Supervised, Unsupervised, Semi-Supervised and Reinforcement Learning?},
	Author = {Isha Salian},
	Year = {2018},
	Url = {https://blogs.nvidia.com/blog/2018/08/02/supervised-unsupervised-learning/}
}

@artible{neural-net-history,
	Title = {Backpropagation neural networks: A tutorial},
	Author = {Barry J. Wythof},
	Year = {1992},
	Address = {Gaithersburg, USA},
	URL = {https://www.researchgate.net/profile/Samreen_Sid/post/rookie/attachment/59d61d8cc49f478072e97144/AS%3A271736812048384%401441798512764/download/1993+Backpropagation+neural+networks+A+tutorial.pdf}
}

@article{first-neuron-study,
	Author = {WARREN S. MCCULLOCH and WALTER PITTS},
	Title = {A LOGICAL CALCULUS OF THE IDEAS IMMANENT IN
NERVOUS ACTIVITY},
	Year = {1943},
	URL = {https://www.cs.cmu.edu/~./epxing/Class/10715/reading/McCulloch.and.Pitts.pdf}
}

@article{perceptron,
	Author = {Frank Rosenblatt},
	Title = {THE PERCEPTRON: A PROBABILISTIC MODEL FORINFORMATION STORAGE AND ORGANIZATIONIN THE BRAIN},
	Year = {1958},
	Journal = {American Psychological Association},
	URL = {https://psycnet.apa.org/fulltext/1959-09865-001.pdf}
}

@misc{synapses,
	Author = {Khan Academy},
	Title = {A Sinapse},
	Year = {2019},
	URL = {https://pt.khanacademy.org/science/biology/human-biology/neuron-nervous-system/a/the-synapse}
}